%YAML 1.1
%TAG !u! tag:unity3d.com,2011:
--- !u!1 &205801520828236561
GameObject:
  m_ObjectHideFlags: 0
  m_CorrespondingSourceObject: {fileID: 0}
  m_PrefabInstance: {fileID: 0}
  m_PrefabAsset: {fileID: 0}
  serializedVersion: 6
  m_Component:
  - component: {fileID: 205801520828236560}
  m_Layer: 0
  m_Name: Anatomie iliaqueSeparate
  m_TagString: Untagged
  m_Icon: {fileID: 0}
  m_NavMeshLayer: 0
  m_StaticEditorFlags: 0
  m_IsActive: 1
--- !u!4 &205801520828236560
Transform:
  m_ObjectHideFlags: 0
  m_CorrespondingSourceObject: {fileID: 0}
  m_PrefabInstance: {fileID: 0}
  m_PrefabAsset: {fileID: 0}
  m_GameObject: {fileID: 205801520828236561}
  m_LocalRotation: {x: -0, y: -0, z: -0, w: 1}
  m_LocalPosition: {x: 0.044, y: -0.08, z: 0.02}
  m_LocalScale: {x: 0.001, y: 0.001, z: 0.001}
  m_ConstrainProportionsScale: 0
  m_Children:
  - {fileID: 205801521987062948}
  m_Father: {fileID: 0}
  m_RootOrder: 0
  m_LocalEulerAnglesHint: {x: 0, y: 0, z: 0}
--- !u!1 &205801521987062949
GameObject:
  m_ObjectHideFlags: 0
  m_CorrespondingSourceObject: {fileID: 0}
  m_PrefabInstance: {fileID: 0}
  m_PrefabAsset: {fileID: 0}
  serializedVersion: 6
  m_Component:
  - component: {fileID: 205801521987062948}
  m_Layer: 0
  m_Name: Pivot
  m_TagString: Untagged
  m_Icon: {fileID: 0}
  m_NavMeshLayer: 0
  m_StaticEditorFlags: 0
  m_IsActive: 1
--- !u!4 &205801521987062948
Transform:
  m_ObjectHideFlags: 0
  m_CorrespondingSourceObject: {fileID: 0}
  m_PrefabInstance: {fileID: 0}
  m_PrefabAsset: {fileID: 0}
  m_GameObject: {fileID: 205801521987062949}
  m_LocalRotation: {x: 0.5511179, y: -0.7557093, z: 0.053347364, w: 0.34975216}
  m_LocalPosition: {x: -84.04126, y: 17.509756, z: -63.295258}
  m_LocalScale: {x: 833.33325, y: 833.33325, z: 833.33325}
  m_ConstrainProportionsScale: 0
  m_Children:
  - {fileID: 8531150561257606712}
  - {fileID: 772956308884974932}
  - {fileID: 8676380019462507904}
  - {fileID: 180981887118192510}
  - {fileID: 5947410972732630699}
  - {fileID: 3817284880716339074}
  m_Father: {fileID: 205801520828236560}
  m_RootOrder: 0
  m_LocalEulerAnglesHint: {x: 27.784, y: -147.924, z: -64.071}
--- !u!1001 &362613902125090965
PrefabInstance:
  m_ObjectHideFlags: 0
  serializedVersion: 2
  m_Modification:
    m_TransformParent: {fileID: 205801521987062948}
    m_Modifications:
    - target: {fileID: -8679921383154817045, guid: 196d4d35267577b45b139c207e2325d7, type: 3}
      propertyPath: m_RootOrder
      value: 3
      objectReference: {fileID: 0}
    - target: {fileID: -8679921383154817045, guid: 196d4d35267577b45b139c207e2325d7, type: 3}
      propertyPath: m_LocalPosition.x
      value: 15
      objectReference: {fileID: 0}
    - target: {fileID: -8679921383154817045, guid: 196d4d35267577b45b139c207e2325d7, type: 3}
      propertyPath: m_LocalPosition.y
      value: -24
      objectReference: {fileID: 0}
    - target: {fileID: -8679921383154817045, guid: 196d4d35267577b45b139c207e2325d7, type: 3}
      propertyPath: m_LocalPosition.z
      value: 7
      objectReference: {fileID: 0}
    - target: {fileID: -8679921383154817045, guid: 196d4d35267577b45b139c207e2325d7, type: 3}
      propertyPath: m_LocalRotation.w
      value: 1
      objectReference: {fileID: 0}
    - target: {fileID: -8679921383154817045, guid: 196d4d35267577b45b139c207e2325d7, type: 3}
      propertyPath: m_LocalRotation.x
      value: 0
      objectReference: {fileID: 0}
    - target: {fileID: -8679921383154817045, guid: 196d4d35267577b45b139c207e2325d7, type: 3}
      propertyPath: m_LocalRotation.y
      value: -0
      objectReference: {fileID: 0}
    - target: {fileID: -8679921383154817045, guid: 196d4d35267577b45b139c207e2325d7, type: 3}
      propertyPath: m_LocalRotation.z
      value: -0
      objectReference: {fileID: 0}
    - target: {fileID: -8679921383154817045, guid: 196d4d35267577b45b139c207e2325d7, type: 3}
      propertyPath: m_LocalEulerAnglesHint.x
      value: 0
      objectReference: {fileID: 0}
    - target: {fileID: -8679921383154817045, guid: 196d4d35267577b45b139c207e2325d7, type: 3}
      propertyPath: m_LocalEulerAnglesHint.y
      value: 0
      objectReference: {fileID: 0}
    - target: {fileID: -8679921383154817045, guid: 196d4d35267577b45b139c207e2325d7, type: 3}
      propertyPath: m_LocalEulerAnglesHint.z
      value: 0
      objectReference: {fileID: 0}
    - target: {fileID: 919132149155446097, guid: 196d4d35267577b45b139c207e2325d7, type: 3}
      propertyPath: m_Name
      value: Tumeur
      objectReference: {fileID: 0}
    - target: {fileID: 919132149155446097, guid: 196d4d35267577b45b139c207e2325d7, type: 3}
      propertyPath: m_IsActive
      value: 1
      objectReference: {fileID: 0}
    - target: {fileID: 3826243528184748876, guid: 196d4d35267577b45b139c207e2325d7, type: 3}
      propertyPath: m_Materials.Array.data[0]
      value: 
      objectReference: {fileID: 2100000, guid: 19dda27f734a4af48aebc38a3f031305, type: 2}
    m_RemovedComponents: []
  m_SourcePrefab: {fileID: 100100000, guid: 196d4d35267577b45b139c207e2325d7, type: 3}
--- !u!4 &180981887118192510 stripped
Transform:
  m_CorrespondingSourceObject: {fileID: -8679921383154817045, guid: 196d4d35267577b45b139c207e2325d7, type: 3}
  m_PrefabInstance: {fileID: 362613902125090965}
  m_PrefabAsset: {fileID: 0}
--- !u!1001 &950451762353998527
PrefabInstance:
  m_ObjectHideFlags: 0
  serializedVersion: 2
  m_Modification:
    m_TransformParent: {fileID: 205801521987062948}
    m_Modifications:
    - target: {fileID: -8679921383154817045, guid: 74eab968bcfc14b4b8336929b071190e, type: 3}
      propertyPath: m_RootOrder
      value: 1
      objectReference: {fileID: 0}
    - target: {fileID: -8679921383154817045, guid: 74eab968bcfc14b4b8336929b071190e, type: 3}
      propertyPath: m_LocalPosition.x
      value: -65
      objectReference: {fileID: 0}
    - target: {fileID: -8679921383154817045, guid: 74eab968bcfc14b4b8336929b071190e, type: 3}
      propertyPath: m_LocalPosition.y
      value: 85
      objectReference: {fileID: 0}
    - target: {fileID: -8679921383154817045, guid: 74eab968bcfc14b4b8336929b071190e, type: 3}
      propertyPath: m_LocalPosition.z
      value: 0
      objectReference: {fileID: 0}
    - target: {fileID: -8679921383154817045, guid: 74eab968bcfc14b4b8336929b071190e, type: 3}
      propertyPath: m_LocalRotation.w
      value: 1
      objectReference: {fileID: 0}
    - target: {fileID: -8679921383154817045, guid: 74eab968bcfc14b4b8336929b071190e, type: 3}
      propertyPath: m_LocalRotation.x
      value: 0
      objectReference: {fileID: 0}
    - target: {fileID: -8679921383154817045, guid: 74eab968bcfc14b4b8336929b071190e, type: 3}
      propertyPath: m_LocalRotation.y
      value: -0
      objectReference: {fileID: 0}
    - target: {fileID: -8679921383154817045, guid: 74eab968bcfc14b4b8336929b071190e, type: 3}
      propertyPath: m_LocalRotation.z
      value: -0
      objectReference: {fileID: 0}
    - target: {fileID: -8679921383154817045, guid: 74eab968bcfc14b4b8336929b071190e, type: 3}
      propertyPath: m_LocalEulerAnglesHint.x
      value: 0
      objectReference: {fileID: 0}
    - target: {fileID: -8679921383154817045, guid: 74eab968bcfc14b4b8336929b071190e, type: 3}
      propertyPath: m_LocalEulerAnglesHint.y
      value: 0
      objectReference: {fileID: 0}
    - target: {fileID: -8679921383154817045, guid: 74eab968bcfc14b4b8336929b071190e, type: 3}
      propertyPath: m_LocalEulerAnglesHint.z
      value: 0
      objectReference: {fileID: 0}
    - target: {fileID: 919132149155446097, guid: 74eab968bcfc14b4b8336929b071190e, type: 3}
      propertyPath: m_Name
      value: Iliaque
      objectReference: {fileID: 0}
    - target: {fileID: 919132149155446097, guid: 74eab968bcfc14b4b8336929b071190e, type: 3}
      propertyPath: m_IsActive
      value: 1
      objectReference: {fileID: 0}
    - target: {fileID: 3826243528184748876, guid: 74eab968bcfc14b4b8336929b071190e, type: 3}
      propertyPath: m_Materials.Array.data[0]
      value: 
      objectReference: {fileID: 2100000, guid: ee798f58acc53a44a8bc26f0acd02c32, type: 2}
    m_RemovedComponents: []
  m_SourcePrefab: {fileID: 100100000, guid: 74eab968bcfc14b4b8336929b071190e, type: 3}
--- !u!4 &772956308884974932 stripped
Transform:
  m_CorrespondingSourceObject: {fileID: -8679921383154817045, guid: 74eab968bcfc14b4b8336929b071190e, type: 3}
  m_PrefabInstance: {fileID: 950451762353998527}
  m_PrefabAsset: {fileID: 0}
--- !u!1001 &3707308166869708905
PrefabInstance:
  m_ObjectHideFlags: 0
  serializedVersion: 2
  m_Modification:
    m_TransformParent: {fileID: 205801521987062948}
    m_Modifications:
    - target: {fileID: -8679921383154817045, guid: c0da4906a1c88474883703edafc0e67b, type: 3}
      propertyPath: m_RootOrder
      value: 5
      objectReference: {fileID: 0}
    - target: {fileID: -8679921383154817045, guid: c0da4906a1c88474883703edafc0e67b, type: 3}
      propertyPath: m_LocalPosition.x
      value: 130
      objectReference: {fileID: 0}
    - target: {fileID: -8679921383154817045, guid: c0da4906a1c88474883703edafc0e67b, type: 3}
      propertyPath: m_LocalPosition.y
      value: 174
      objectReference: {fileID: 0}
    - target: {fileID: -8679921383154817045, guid: c0da4906a1c88474883703edafc0e67b, type: 3}
      propertyPath: m_LocalPosition.z
      value: 14
      objectReference: {fileID: 0}
    - target: {fileID: -8679921383154817045, guid: c0da4906a1c88474883703edafc0e67b, type: 3}
      propertyPath: m_LocalRotation.w
      value: 0.7338045
      objectReference: {fileID: 0}
    - target: {fileID: -8679921383154817045, guid: c0da4906a1c88474883703edafc0e67b, type: 3}
      propertyPath: m_LocalRotation.x
      value: 0.67535466
      objectReference: {fileID: 0}
    - target: {fileID: -8679921383154817045, guid: c0da4906a1c88474883703edafc0e67b, type: 3}
      propertyPath: m_LocalRotation.y
      value: -0.07060815
      objectReference: {fileID: 0}
    - target: {fileID: -8679921383154817045, guid: c0da4906a1c88474883703edafc0e67b, type: 3}
      propertyPath: m_LocalRotation.z
      value: 0.021008791
      objectReference: {fileID: 0}
    - target: {fileID: -8679921383154817045, guid: c0da4906a1c88474883703edafc0e67b, type: 3}
      propertyPath: m_LocalEulerAnglesHint.x
      value: 83.785
      objectReference: {fileID: 0}
    - target: {fileID: -8679921383154817045, guid: c0da4906a1c88474883703edafc0e67b, type: 3}
      propertyPath: m_LocalEulerAnglesHint.y
      value: -44.037
      objectReference: {fileID: 0}
    - target: {fileID: -8679921383154817045, guid: c0da4906a1c88474883703edafc0e67b, type: 3}
      propertyPath: m_LocalEulerAnglesHint.z
      value: -36.597
      objectReference: {fileID: 0}
    - target: {fileID: -7635826562936255635, guid: c0da4906a1c88474883703edafc0e67b, type: 3}
      propertyPath: m_Materials.Array.data[0]
      value: 
      objectReference: {fileID: 2100000, guid: 9b251e68db2b20146a4bcc81e1245208, type: 2}
    - target: {fileID: 919132149155446097, guid: c0da4906a1c88474883703edafc0e67b, type: 3}
      propertyPath: m_Name
      value: Guide de coupe
      objectReference: {fileID: 0}
    - target: {fileID: 1151388028547126963, guid: c0da4906a1c88474883703edafc0e67b, type: 3}
      propertyPath: m_LocalPosition.x
      value: 1.1
      objectReference: {fileID: 0}
    - target: {fileID: 1151388028547126963, guid: c0da4906a1c88474883703edafc0e67b, type: 3}
      propertyPath: m_LocalPosition.y
      value: -0
      objectReference: {fileID: 0}
    - target: {fileID: 1151388028547126963, guid: c0da4906a1c88474883703edafc0e67b, type: 3}
      propertyPath: m_LocalPosition.z
      value: -1.7
      objectReference: {fileID: 0}
    m_RemovedComponents: []
  m_SourcePrefab: {fileID: 100100000, guid: c0da4906a1c88474883703edafc0e67b, type: 3}
--- !u!4 &3817284880716339074 stripped
Transform:
  m_CorrespondingSourceObject: {fileID: -8679921383154817045, guid: c0da4906a1c88474883703edafc0e67b, type: 3}
  m_PrefabInstance: {fileID: 3707308166869708905}
  m_PrefabAsset: {fileID: 0}
--- !u!1001 &6125963916339069248
PrefabInstance:
  m_ObjectHideFlags: 0
  serializedVersion: 2
  m_Modification:
    m_TransformParent: {fileID: 205801521987062948}
    m_Modifications:
    - target: {fileID: -8679921383154817045, guid: 55f5dda75980eab4887adc3ade988e98, type: 3}
      propertyPath: m_RootOrder
      value: 4
      objectReference: {fileID: 0}
    - target: {fileID: -8679921383154817045, guid: 55f5dda75980eab4887adc3ade988e98, type: 3}
      propertyPath: m_LocalPosition.x
      value: -0
      objectReference: {fileID: 0}
    - target: {fileID: -8679921383154817045, guid: 55f5dda75980eab4887adc3ade988e98, type: 3}
      propertyPath: m_LocalPosition.y
      value: -104
      objectReference: {fileID: 0}
    - target: {fileID: -8679921383154817045, guid: 55f5dda75980eab4887adc3ade988e98, type: 3}
      propertyPath: m_LocalPosition.z
      value: 117
      objectReference: {fileID: 0}
    - target: {fileID: -8679921383154817045, guid: 55f5dda75980eab4887adc3ade988e98, type: 3}
      propertyPath: m_LocalRotation.w
      value: 1
      objectReference: {fileID: 0}
    - target: {fileID: -8679921383154817045, guid: 55f5dda75980eab4887adc3ade988e98, type: 3}
      propertyPath: m_LocalRotation.x
      value: 0
      objectReference: {fileID: 0}
    - target: {fileID: -8679921383154817045, guid: 55f5dda75980eab4887adc3ade988e98, type: 3}
      propertyPath: m_LocalRotation.y
      value: -0
      objectReference: {fileID: 0}
    - target: {fileID: -8679921383154817045, guid: 55f5dda75980eab4887adc3ade988e98, type: 3}
      propertyPath: m_LocalRotation.z
      value: -0
      objectReference: {fileID: 0}
    - target: {fileID: -8679921383154817045, guid: 55f5dda75980eab4887adc3ade988e98, type: 3}
      propertyPath: m_LocalEulerAnglesHint.x
      value: 0
      objectReference: {fileID: 0}
    - target: {fileID: -8679921383154817045, guid: 55f5dda75980eab4887adc3ade988e98, type: 3}
      propertyPath: m_LocalEulerAnglesHint.y
      value: 0
      objectReference: {fileID: 0}
    - target: {fileID: -8679921383154817045, guid: 55f5dda75980eab4887adc3ade988e98, type: 3}
      propertyPath: m_LocalEulerAnglesHint.z
      value: 0
      objectReference: {fileID: 0}
    - target: {fileID: 919132149155446097, guid: 55f5dda75980eab4887adc3ade988e98, type: 3}
      propertyPath: m_Name
      value: Veine
      objectReference: {fileID: 0}
    - target: {fileID: 919132149155446097, guid: 55f5dda75980eab4887adc3ade988e98, type: 3}
      propertyPath: m_IsActive
      value: 1
      objectReference: {fileID: 0}
    - target: {fileID: 3826243528184748876, guid: 55f5dda75980eab4887adc3ade988e98, type: 3}
      propertyPath: m_Materials.Array.data[0]
      value: 
      objectReference: {fileID: 2100000, guid: 4d897050146884c48aa474bd9cd26866, type: 2}
    m_RemovedComponents: []
  m_SourcePrefab: {fileID: 100100000, guid: 55f5dda75980eab4887adc3ade988e98, type: 3}
--- !u!4 &5947410972732630699 stripped
Transform:
  m_CorrespondingSourceObject: {fileID: -8679921383154817045, guid: 55f5dda75980eab4887adc3ade988e98, type: 3}
  m_PrefabInstance: {fileID: 6125963916339069248}
  m_PrefabAsset: {fileID: 0}
--- !u!1001 &8209504948407183827
PrefabInstance:
  m_ObjectHideFlags: 0
  serializedVersion: 2
  m_Modification:
    m_TransformParent: {fileID: 205801521987062948}
    m_Modifications:
    - target: {fileID: -8679921383154817045, guid: 790acc1bc76559447aa6d7c32d95afcf, type: 3}
      propertyPath: m_RootOrder
      value: 0
      objectReference: {fileID: 0}
    - target: {fileID: -8679921383154817045, guid: 790acc1bc76559447aa6d7c32d95afcf, type: 3}
      propertyPath: m_LocalPosition.x
      value: 67
      objectReference: {fileID: 0}
    - target: {fileID: -8679921383154817045, guid: 790acc1bc76559447aa6d7c32d95afcf, type: 3}
      propertyPath: m_LocalPosition.y
      value: -104
      objectReference: {fileID: 0}
    - target: {fileID: -8679921383154817045, guid: 790acc1bc76559447aa6d7c32d95afcf, type: 3}
      propertyPath: m_LocalPosition.z
      value: 0
      objectReference: {fileID: 0}
    - target: {fileID: -8679921383154817045, guid: 790acc1bc76559447aa6d7c32d95afcf, type: 3}
      propertyPath: m_LocalRotation.w
      value: 1
      objectReference: {fileID: 0}
    - target: {fileID: -8679921383154817045, guid: 790acc1bc76559447aa6d7c32d95afcf, type: 3}
      propertyPath: m_LocalRotation.x
      value: 0
      objectReference: {fileID: 0}
    - target: {fileID: -8679921383154817045, guid: 790acc1bc76559447aa6d7c32d95afcf, type: 3}
      propertyPath: m_LocalRotation.y
      value: -0
      objectReference: {fileID: 0}
    - target: {fileID: -8679921383154817045, guid: 790acc1bc76559447aa6d7c32d95afcf, type: 3}
      propertyPath: m_LocalRotation.z
      value: -0
      objectReference: {fileID: 0}
    - target: {fileID: -8679921383154817045, guid: 790acc1bc76559447aa6d7c32d95afcf, type: 3}
      propertyPath: m_LocalEulerAnglesHint.x
      value: 0
      objectReference: {fileID: 0}
    - target: {fileID: -8679921383154817045, guid: 790acc1bc76559447aa6d7c32d95afcf, type: 3}
      propertyPath: m_LocalEulerAnglesHint.y
      value: 0
      objectReference: {fileID: 0}
    - target: {fileID: -8679921383154817045, guid: 790acc1bc76559447aa6d7c32d95afcf, type: 3}
      propertyPath: m_LocalEulerAnglesHint.z
      value: 0
      objectReference: {fileID: 0}
    - target: {fileID: 919132149155446097, guid: 790acc1bc76559447aa6d7c32d95afcf, type: 3}
      propertyPath: m_Name
      value: "Art\xE8re"
      objectReference: {fileID: 0}
    - target: {fileID: 919132149155446097, guid: 790acc1bc76559447aa6d7c32d95afcf, type: 3}
      propertyPath: m_IsActive
      value: 1
      objectReference: {fileID: 0}
    - target: {fileID: 3826243528184748876, guid: 790acc1bc76559447aa6d7c32d95afcf, type: 3}
      propertyPath: m_Materials.Array.data[0]
      value: 
      objectReference: {fileID: 2100000, guid: 7203b20abcea11b4d9dc56e292810b34, type: 2}
    m_RemovedComponents: []
  m_SourcePrefab: {fileID: 100100000, guid: 790acc1bc76559447aa6d7c32d95afcf, type: 3}
--- !u!4 &8531150561257606712 stripped
Transform:
  m_CorrespondingSourceObject: {fileID: -8679921383154817045, guid: 790acc1bc76559447aa6d7c32d95afcf, type: 3}
  m_PrefabInstance: {fileID: 8209504948407183827}
  m_PrefabAsset: {fileID: 0}
--- !u!1001 &9214937502683589227
PrefabInstance:
  m_ObjectHideFlags: 0
  serializedVersion: 2
  m_Modification:
    m_TransformParent: {fileID: 205801521987062948}
    m_Modifications:
    - target: {fileID: -8679921383154817045, guid: 7b8d9495612992a4d83bfe500547f7f8, type: 3}
      propertyPath: m_RootOrder
      value: 2
      objectReference: {fileID: 0}
    - target: {fileID: -8679921383154817045, guid: 7b8d9495612992a4d83bfe500547f7f8, type: 3}
      propertyPath: m_LocalPosition.x
      value: 196
      objectReference: {fileID: 0}
    - target: {fileID: -8679921383154817045, guid: 7b8d9495612992a4d83bfe500547f7f8, type: 3}
      propertyPath: m_LocalPosition.y
      value: -104
      objectReference: {fileID: 0}
    - target: {fileID: -8679921383154817045, guid: 7b8d9495612992a4d83bfe500547f7f8, type: 3}
      propertyPath: m_LocalPosition.z
      value: 0
      objectReference: {fileID: 0}
    - target: {fileID: -8679921383154817045, guid: 7b8d9495612992a4d83bfe500547f7f8, type: 3}
      propertyPath: m_LocalRotation.w
      value: 1
      objectReference: {fileID: 0}
    - target: {fileID: -8679921383154817045, guid: 7b8d9495612992a4d83bfe500547f7f8, type: 3}
      propertyPath: m_LocalRotation.x
      value: 0
      objectReference: {fileID: 0}
    - target: {fileID: -8679921383154817045, guid: 7b8d9495612992a4d83bfe500547f7f8, type: 3}
      propertyPath: m_LocalRotation.y
      value: -0
      objectReference: {fileID: 0}
    - target: {fileID: -8679921383154817045, guid: 7b8d9495612992a4d83bfe500547f7f8, type: 3}
      propertyPath: m_LocalRotation.z
      value: -0
      objectReference: {fileID: 0}
    - target: {fileID: -8679921383154817045, guid: 7b8d9495612992a4d83bfe500547f7f8, type: 3}
      propertyPath: m_LocalEulerAnglesHint.x
      value: 0
      objectReference: {fileID: 0}
    - target: {fileID: -8679921383154817045, guid: 7b8d9495612992a4d83bfe500547f7f8, type: 3}
      propertyPath: m_LocalEulerAnglesHint.y
      value: 0
      objectReference: {fileID: 0}
    - target: {fileID: -8679921383154817045, guid: 7b8d9495612992a4d83bfe500547f7f8, type: 3}
      propertyPath: m_LocalEulerAnglesHint.z
      value: 0
      objectReference: {fileID: 0}
    - target: {fileID: 919132149155446097, guid: 7b8d9495612992a4d83bfe500547f7f8, type: 3}
      propertyPath: m_Name
      value: Sacrum
      objectReference: {fileID: 0}
    - target: {fileID: 919132149155446097, guid: 7b8d9495612992a4d83bfe500547f7f8, type: 3}
      propertyPath: m_IsActive
      value: 1
      objectReference: {fileID: 0}
    - target: {fileID: 3826243528184748876, guid: 7b8d9495612992a4d83bfe500547f7f8, type: 3}
      propertyPath: m_Materials.Array.data[0]
      value: 
      objectReference: {fileID: 2100000, guid: 1617ad4127bb5384698481b6633b233d, type: 2}
    m_RemovedComponents: []
  m_SourcePrefab: {fileID: 100100000, guid: 7b8d9495612992a4d83bfe500547f7f8, type: 3}
--- !u!4 &8676380019462507904 stripped
Transform:
  m_CorrespondingSourceObject: {fileID: -8679921383154817045, guid: 7b8d9495612992a4d83bfe500547f7f8, type: 3}
  m_PrefabInstance: {fileID: 9214937502683589227}
  m_PrefabAsset: {fileID: 0}
